990028405730409161 FMT   L BK
990028405730409161 LDR   L 00494nrm a2200157 a 4500
990028405730409161 005   L 20250918120050.0
990028405730409161 008   L 250822|2015||||xx ||| |     ||   r|   |d
990028405730409161 001   L 990028405730409161
990028405730409161 035   L $$a(RUG01)003676040
990028405730409161 040   L $$aBE-GnUNI
990028405730409161 1001  L $$aCassiers, Paul,$$d1965-2025$$0(ugent)802000954979$$0(viaf)0
990028405730409161 24510 L $$k[object]$$aDe CatalOD-mobiel.
990028405730409161 260   L $$c2015.
990028405730409161 520   L $$alLabelopenafrollenaar voor in het Ondergronds Depot van de Boekentoren in Gent.
990028405730409161 591   L $$aBijzondere collecties
990028405730409161 650   L $$aTest1
990028405730409161 650   L $$aTest2
990028405730409161 650   L $$aTest3$$aTest4
990028405730409161 8564  L $$uhttps://lib.ugent.be/fulltxt/RUG01/000/685/683/RUG01-000685683_2019_0001_AC.pdf$$3Full text$$yBIB.GTH.021655$$sFile size: 23312241 (23M)$$xBron:scanatelier$$xStatus:ugent$$xHandtekening:verwijderd$$xStatuswijziging:ugent2open (score)$$xOCR:nee
990028405730409161 920   L $$arealia